@article{aset,
    title={The approximate set abstract data type},
    author={Alexander Towell},
    url={?},
}

@article{obset,
    title={The oblivious map abstract data type},
    author={Alexander Towell},
    url={?},
}

@article{obtype,
    title={The oblivious object type},
    author={Alexander Towell},
    url={?},
}
