@inproceedings{gentry2009fully,
  title={Fully homomorphic encryption using ideal lattices},
  author={Gentry, Craig},
  booktitle={Proceedings of the 41st annual ACM symposium on Theory of computing},
  pages={169--178},
  year={2009}
}

@inproceedings{yao1982protocols,
  title={Protocols for secure computations},
  author={Yao, Andrew Chi-Chih},
  booktitle={23rd Annual Symposium on Foundations of Computer Science},
  pages={160--164},
  year={1982},
  organization={IEEE}
}

@inproceedings{dwork2006calibrating,
  title={Calibrating noise to sensitivity in private data analysis},
  author={Dwork, Cynthia and McSherry, Frank and Nissim, Kobbi and Smith, Adam},
  booktitle={Theory of Cryptography Conference},
  pages={265--284},
  year={2006},
  organization={Springer}
}

@article{bloom1970space,
  title={Space/time trade-offs in hash coding with allowable errors},
  author={Bloom, Burton H},
  journal={Communications of the ACM},
  volume={13},
  number={7},
  pages={422--426},
  year={1970},
  publisher={ACM}
}

@inproceedings{flajolet2007hyperloglog,
  title={HyperLogLog: the analysis of a near-optimal cardinality estimation algorithm},
  author={Flajolet, Philippe and Fusy, {\'E}ric and Gandouet, Olivier and Meunier, Fr{\'e}d{\'e}ric},
  booktitle={Conference on Analysis of Algorithms},
  pages={127--146},
  year={2007}
}

@inproceedings{paillier1999public,
  title={Public-key cryptosystems based on composite degree residuosity classes},
  author={Paillier, Pascal},
  booktitle={International Conference on the Theory and Application of Cryptographic Techniques},
  pages={223--238},
  year={1999},
  organization={Springer}
}

@inproceedings{goldreich1987play,
  title={How to play any mental game},
  author={Goldreich, Oded and Micali, Silvio and Wigderson, Avi},
  booktitle={Proceedings of the 19th Annual ACM Symposium on Theory of Computing},
  pages={218--229},
  year={1987}
}

@inproceedings{bellare2012foundations,
  title={Foundations of garbled circuits},
  author={Bellare, Mihir and Hoang, Viet Tung and Rogaway, Phillip},
  booktitle={Proceedings of the 2012 ACM Conference on Computer and Communications Security},
  pages={784--796},
  year={2012}
}

@article{meadows1986more,
  title={A more efficient cryptographic matchmaking protocol for use in the absence of a continuously available third party},
  author={Meadows, Catherine},
  journal={Proceedings of IEEE Symposium on Security and Privacy},
  pages={134--137},
  year={1986}
}

@inproceedings{freedman2004efficient,
  title={Efficient private matching and set intersection},
  author={Freedman, Michael J and Nissim, Kobbi and Pinkas, Benny},
  booktitle={International Conference on the Theory and Applications of Cryptographic Techniques},
  pages={1--19},
  year={2004},
  organization={Springer}
}

@inproceedings{kolesnikov2016efficient,
  title={Efficient batched oblivious PRF with applications to private set intersection},
  author={Kolesnikov, Vladimir and Kumaresan, Ranjit and Rosulek, Mike and Trieu, Ni},
  booktitle={Proceedings of the 2016 ACM SIGSAC Conference on Computer and Communications Security},
  pages={818--829},
  year={2016}
}

@article{fan2000summary,
  title={Summary cache: a scalable wide-area web cache sharing protocol},
  author={Fan, Li and Cao, Pei and Almeida, Jussara and Broder, Andrei Z},
  journal={IEEE/ACM Transactions on Networking},
  volume={8},
  number={3},
  pages={281--293},
  year={2000}
}

@article{cormode2005improved,
  title={An improved data stream summary: the count-min sketch and its applications},
  author={Cormode, Graham and Muthukrishnan, S},
  journal={Journal of Algorithms},
  volume={55},
  number={1},
  pages={58--75},
  year={2005}
}

@inproceedings{kasiviswanathan2011what,
  title={What can we learn privately?},
  author={Kasiviswanathan, Shiva Prasad and Lee, Homin K and Nissim, Kobbi and Raskhodnikova, Sofya and Smith, Adam},
  booktitle={IEEE 52nd Annual Symposium on Foundations of Computer Science},
  pages={531--540},
  year={2011}
}

@article{oset,
  title={Oblivious data structures},
  author={Wang, Xiao Shaun and Nayak, Kartik and Liu, Chang and Chan, Hubert and Shi, Elaine and Stefanov, Emil and Huang, Yan},
  journal={Proceedings of the ACM SIGSAC Conference on Computer and Communications Security},
  pages={215--226},
  year={2014}
}

@inproceedings{sibool,
  title={Boolean searchable symmetric encryption with worst-case sub-linear complexity},
  author={Kamara, Seny and Moataz, Tarik},
  booktitle={Annual International Conference on the Theory and Applications of Cryptographic Techniques},
  pages={94--124},
  year={2017},
  organization={Springer}
}

@inproceedings{boneh2003identity,
  title={Identity-based encryption from the Weil pairing},
  author={Boneh, Dan and Franklin, Matthew},
  booktitle={Annual International Cryptology Conference},
  pages={213--229},
  year={2001},
  organization={Springer}
}

@inproceedings{shamir1979share,
  title={How to share a secret},
  author={Shamir, Adi},
  booktitle={Communications of the ACM},
  volume={22},
  number={11},
  pages={612--613},
  year={1979}
}

@inproceedings{rabin1989efficient,
  title={Efficient dispersal of information for security, load balancing, and fault tolerance},
  author={Rabin, Michael O},
  journal={Journal of the ACM},
  volume={36},
  number={2},
  pages={335--348},
  year={1989}
}

@article{rivest1978method,
  title={A method for obtaining digital signatures and public-key cryptosystems},
  author={Rivest, Ronald L and Shamir, Adi and Adleman, Leonard},
  journal={Communications of the ACM},
  volume={21},
  number={2},
  pages={120--126},
  year={1978}
}

@inproceedings{elgamal1985public,
  title={A public key cryptosystem and a signature scheme based on discrete logarithms},
  author={ElGamal, Taher},
  booktitle={Workshop on the Theory and Application of Cryptographic Techniques},
  pages={10--18},
  year={1985},
  organization={Springer}
}

@article{merkle1980protocols,
  title={Protocols for public key cryptosystems},
  author={Merkle, Ralph C},
  journal={Proceedings of IEEE Symposium on Security and Privacy},
  pages={122--134},
  year={1980}
}

@inproceedings{goldwasser1985knowledge,
  title={The knowledge complexity of interactive proof systems},
  author={Goldwasser, Shafi and Micali, Silvio and Rackoff, Charles},
  booktitle={Proceedings of the 17th Annual ACM Symposium on Theory of Computing},
  pages={291--304},
  year={1985}
}

@article{diffie1976new,
  title={New directions in cryptography},
  author={Diffie, Whitfield and Hellman, Martin},
  journal={IEEE Transactions on Information Theory},
  volume={22},
  number={6},
  pages={644--654},
  year={1976}
}

@inproceedings{naor1999oblivious,
  title={Oblivious transfer and polynomial evaluation},
  author={Naor, Moni and Pinkas, Benny},
  booktitle={Proceedings of the 31st Annual ACM Symposium on Theory of Computing},
  pages={245--254},
  year={1999}
}

@inproceedings{even1985randomized,
  title={A randomized protocol for signing contracts},
  author={Even, Shimon and Goldreich, Oded and Lempel, Abraham},
  journal={Communications of the ACM},
  volume={28},
  number={6},
  pages={637--647},
  year={1985}
}

@article{canetti2001universally,
  title={Universally composable security: A new paradigm for cryptographic protocols},
  author={Canetti, Ran},
  journal={Proceedings of the 42nd IEEE Symposium on Foundations of Computer Science},
  pages={136--145},
  year={2001}
}

@inproceedings{boneh2011homomorphic,
  title={Homomorphic signatures for polynomial functions},
  author={Boneh, Dan and Freeman, David Mandell},
  booktitle={Annual International Conference on the Theory and Applications of Cryptographic Techniques},
  pages={149--168},
  year={2011},
  organization={Springer}
}

@article{broder1997resemblance,
  title={On the resemblance and containment of documents},
  author={Broder, Andrei Z},
  journal={Proceedings of Compression and Complexity of Sequences},
  pages={21--29},
  year={1997}
}

@inproceedings{indyk1998approximate,
  title={Approximate nearest neighbors: towards removing the curse of dimensionality},
  author={Indyk, Piotr and Motwani, Rajeev},
  booktitle={Proceedings of the 30th Annual ACM Symposium on Theory of Computing},
  pages={604--613},
  year={1998}
}

@article{charikar2002similarity,
  title={Similarity estimation techniques from rounding algorithms},
  author={Charikar, Moses S},
  journal={Proceedings of the 34th Annual ACM Symposium on Theory of Computing},
  pages={380--388},
  year={2002}
}

@inproceedings{mcmahan2017communication,
  title={Communication-efficient learning of deep networks from decentralized data},
  author={McMahan, Brendan and Moore, Eider and Ramage, Daniel and Hampson, Seth and y Arcas, Blaise Aguera},
  booktitle={Proceedings of the 20th International Conference on Artificial Intelligence and Statistics},
  pages={1273--1282},
  year={2017}
}

@article{konevcny2016federated,
  title={Federated learning: Strategies for improving communication efficiency},
  author={Kone{\v{c}}n{\`y}, Jakub and McMahan, H Brendan and Yu, Felix X and Richt{\'a}rik, Peter and Suresh, Ananda Theertha and Bacon, Dave},
  journal={arXiv preprint arXiv:1610.05492},
  year={2016}
}

@inproceedings{curtmola2006searchable,
  title={Searchable symmetric encryption: improved definitions and efficient constructions},
  author={Curtmola, Reza and Garay, Juan and Kamara, Seny and Ostrovsky, Rafail},
  booktitle={Proceedings of the 13th ACM Conference on Computer and Communications Security},
  pages={79--88},
  year={2006}
}

@inproceedings{song2000practical,
  title={Practical techniques for searches on encrypted data},
  author={Song, Dawn Xiaoding and Wagner, David and Perrig, Adrian},
  booktitle={Proceedings of IEEE Symposium on Security and Privacy},
  pages={44--55},
  year={2000}
}

@inproceedings{chillotti2020tfhe,
  title={TFHE: Fast fully homomorphic encryption over the torus},
  author={Chillotti, Ilaria and Gama, Nicolas and Georgieva, Mariya and Izabach{\`e}ne, Malika},
  journal={Journal of Cryptology},
  volume={33},
  number={1},
  pages={34--91},
  year={2020}
}

@inproceedings{cheon2017homomorphic,
  title={Homomorphic encryption for arithmetic of approximate numbers},
  author={Cheon, Jung Hee and Kim, Andrey and Kim, Miran and Song, Yongsoo},
  booktitle={International Conference on the Theory and Application of Cryptology and Information Security},
  pages={409--437},
  year={2017}
}

@article{brakerski2022fully,
  title={Fully homomorphic encryption from ring-LWE and security for key dependent messages},
  author={Brakerski, Zvika and Vaikuntanathan, Vinod},
  journal={Annual Cryptology Conference},
  pages={505--524},
  year={2022}
}

@inproceedings{keller2020mp,
  title={MP-SPDZ: A versatile framework for multi-party computation},
  author={Keller, Marcel},
  booktitle={Proceedings of the 2020 ACM SIGSAC Conference on Computer and Communications Security},
  pages={1575--1590},
  year={2020}
}

@inproceedings{mohassel2018aby3,
  title={ABY3: A mixed protocol framework for machine learning},
  author={Mohassel, Payman and Rindal, Peter},
  booktitle={Proceedings of the 2018 ACM SIGSAC Conference on Computer and Communications Security},
  pages={35--52},
  year={2018}
}

@article{boyle2022cheaper,
  title={Cheaper silent OT extension and applications to multi-server PIR},
  author={Boyle, Elette and Couteau, Geoffroy and Gilboa, Niv and Ishai, Yuval},
  journal={Annual International Cryptology Conference},
  pages={371--403},
  year={2022}
}

@inproceedings{boyle2021function,
  title={Function secret sharing for mixed-mode and fixed-point secure computation},
  author={Boyle, Elette and Chandran, Nishanth and Gilboa, Niv and Gupta, Divya and Ishai, Yuval and Kumar, Nishant and Rathee, Mayank},
  booktitle={Annual International Conference on the Theory and Applications of Cryptographic Techniques},
  pages={871--900},
  year={2021}
}

@inproceedings{raghuraman2022blazing,
  title={Blazing fast PSI from improved OKVS and subfield VOLE},
  author={Raghuraman, Srinivasan and Rindal, Peter},
  booktitle={Proceedings of the 2022 ACM SIGSAC Conference on Computer and Communications Security},
  pages={2505--2517},
  year={2022}
}

@inproceedings{chandran2022circuit,
  title={Circuit-PSI with linear complexity via relaxed batch OPPRF},
  author={Chandran, Nishanth and Gupta, Divya and Shah, Akash},
  booktitle={Proceedings on Privacy Enhancing Technologies},
  volume={2022},
  number={1},
  pages={353--372},
  year={2022}
}

@inproceedings{chen2022blazing,
  title={Blazing fast PSI from improved OKVS and subfield VOLE},
  author={Chen, Hao and Liang, Zhicong and Huang, Zhe},
  booktitle={USENIX Security Symposium},
  pages={1435--1452},
  year={2022}
}

@article{schoppmann2023psi,
  title={PSI from pseudorandom correlation generators},
  author={Schoppmann, Phillipp and Gascon, Adria and Kerschbaum, Florian},
  journal={Annual International Cryptology Conference},
  pages={332--364},
  year={2023}
}

@inproceedings{fan2014cuckoo,
  title={Cuckoo filter: Practically better than bloom},
  author={Fan, Bin and Andersen, Dave G and Kaminsky, Michael and Mitzenmacher, Michael D},
  booktitle={Proceedings of the 10th ACM International on Conference on emerging Networking Experiments and Technologies},
  pages={75--88},
  year={2014}
}

@article{ting2020count,
  title={Count-HyperLogLog: a more memory-efficient cardinality estimator},
  author={Ting, Daniel},
  journal={arXiv preprint arXiv:2005.14165},
  year={2020}
}

@inproceedings{kraska2018case,
  title={The case for learned index structures},
  author={Kraska, Tim and Beutel, Alex and Chi, Ed H and Dean, Jeffrey and Polyzotis, Neoklis},
  booktitle={Proceedings of the 2018 International Conference on Management of Data},
  pages={489--504},
  year={2018}
}

@inproceedings{graf2020xor,
  title={Xor filters: Faster and smaller than bloom and cuckoo filters},
  author={Graf, Thomas Mueller and Lemire, Daniel},
  journal={Journal of Experimental Algorithmics},
  volume={25},
  pages={1--16},
  year={2020}
}

@inproceedings{erlingsson2014rappor,
  title={RAPPOR: Randomized aggregatable privacy-preserving ordinal response},
  author={Erlingsson, {\'U}lfar and Pihur, Vasyl and Korolova, Aleksandra},
  booktitle={Proceedings of the 2014 ACM SIGSAC Conference on Computer and Communications Security},
  pages={1054--1067},
  year={2014}
}

@article{apple2017differential,
  title={Learning with privacy at scale},
  author={Apple Differential Privacy Team},
  journal={Apple Machine Learning Journal},
  volume={1},
  number={8},
  year={2017}
}

@article{mcsherry2021exponential,
  title={The exponential mechanism for differential privacy revisited},
  author={McSherry, Frank and Talwar, Kunal},
  journal={Journal of Privacy and Confidentiality},
  volume={11},
  number={1},
  year={2021}
}

@inproceedings{bun2016concentrated,
  title={Concentrated differential privacy: Simplifications, extensions, and lower bounds},
  author={Bun, Mark and Steinke, Thomas},
  booktitle={Theory of Cryptography Conference},
  pages={635--658},
  year={2016}
}

@inproceedings{erlingsson2019amplification,
  title={Amplification by shuffling: From local to central differential privacy via anonymity},
  author={Erlingsson, {\'U}lfar and Feldman, Vitaly and Mironov, Ilya and Raghunathan, Ananth and Talwar, Kunal and Thakurta, Abhradeep},
  booktitle={Proceedings of the Thirtieth Annual ACM-SIAM Symposium on Discrete Algorithms},
  pages={2468--2479},
  year={2019}
}

@inproceedings{bonawitz2021practical,
  title={Practical secure aggregation for privacy-preserving machine learning},
  author={Bonawitz, Keith and Ivanov, Vladimir and Kreuter, Ben and Marcedone, Antonio and McMahan, H Brendan and Patel, Sarvar and Ramage, Daniel and Segal, Aaron and Seth, Karn},
  booktitle={Proceedings of the 2017 ACM SIGSAC Conference on Computer and Communications Security},
  pages={1175--1191},
  year={2021}
}